@misc{correia2020joints,
      title={Joints in Random Forests}, 
      author={Alvaro H. C. Correia and Robert Peharz and Cassio de Campos},
      year={2020},
      eprint={2006.14937},
      archivePrefix={arXiv},
      primaryClass={cs.LG}
}

@book{Hastie2009,
  added-at = {2018-12-03T19:42:16.000+0100},
  author = {Hastie, Trevor and Tibshirani, Robert and Friedman, Jerome},
  biburl = {https://www.bibsonomy.org/bibtex/218c90decd17003e5a43ca50b03f1f1d1/tobydriscoll},
  doi = {10.1007/978-0-387-84858-7},
  file = {:Book/Hastie2009 - The Elements of Statistical Learning.pdf:PDF},
  interhash = {39bdf0a76d889fa39deb5d1ac793ff4e},
  intrahash = {18c90decd17003e5a43ca50b03f1f1d1},
  keywords = {imported},
  publisher = {Springer New York},
  timestamp = {2018-12-03T19:43:16.000+0100},
  title = {The Elements of Statistical Learning},
  year = 2009
}

@misc{darwiche2013differential,
      title={A Differential Approach to Inference in Bayesian Networks}, 
      author={Adnan Darwiche},
      year={2013},
      eprint={1301.3847},
      archivePrefix={arXiv},
      primaryClass={cs.AI}
}

@misc{poon2012sumproduct,
      title={Sum-Product Networks: A New Deep Architecture}, 
      author={Hoifung Poon and Pedro Domingos},
      year={2012},
      eprint={1202.3732},
      archivePrefix={arXiv},
      primaryClass={cs.LG}
}

@article{ProbCirc20,
  author    = {Choi, YooJung and Vergari, Antonio and Van den Broeck, Guy},
  title     = {Probabilistic Circuits: A Unifying Framework for Tractable Probabilistic Models},
  month     = {oct},
  year      = {2020},
  url       = "http://starai.cs.ucla.edu/papers/ProbCirc20.pdf",
  keywords  = {techreport}
}

@techreport{Burkardt2014,
  author      = "J.Burkardt",
  title       = "The truncated normal distribution",
  institution = "Florida State University (FSU), Florida, USA",
  year        = "2014"
}